<record><leader>00000cas a22000007a 4500</leader><controlfield tag="001">31030261</controlfield><controlfield tag="008">940830c19769999txuwr ne      0    0eng d</controlfield><datafield ind1=" " ind2=" " tag="010"><subfield code="a">sn 94056902 </subfield></datafield><datafield ind1=" " ind2=" " tag="040"><subfield code="a">NVM</subfield><subfield code="b">eng</subfield><subfield code="c">NVM</subfield><subfield code="d">OCL</subfield><subfield code="d">OCLCQ</subfield><subfield code="d">OCLCF</subfield><subfield code="d">OCLCO</subfield></datafield><datafield ind1="1" ind2=" " tag="029"><subfield code="a">AU@</subfield><subfield code="b">000025898587</subfield></datafield><datafield ind1=" " ind2=" " tag="042"><subfield code="a">msc</subfield></datafield><datafield ind1=" " ind2=" " tag="043"><subfield code="a">n-us-nm</subfield><subfield code="a">n-us-tx</subfield></datafield><datafield ind1="0" ind2="0" tag="245"><subfield code="a">New Mexico United Methodist reporter.</subfield></datafield><datafield ind1=" " ind2=" " tag="260"><subfield code="a">Dallas, Tex. :</subfield><subfield code="b">Newspaper Division of the United Methodist Communications Council</subfield></datafield><datafield ind1=" " ind2=" " tag="300"><subfield code="a">v.</subfield></datafield><datafield ind1=" " ind2=" " tag="310"><subfield code="a">Weekly</subfield></datafield><datafield ind1="0" ind2=" " tag="362"><subfield code="a">Vol. 4, no. 14 (Mar. 19, 1976)-</subfield></datafield><datafield ind1="2" ind2="0" tag="610"><subfield code="a">United Methodist Church (U.S.)</subfield><subfield code="z">New Mexico</subfield><subfield code="v">Newspapers.</subfield></datafield><datafield ind1=" " ind2="0" tag="650"><subfield code="a">Methodists</subfield><subfield code="z">United States</subfield><subfield code="v">Newspapers.</subfield></datafield><datafield ind1=" " ind2="0" tag="650"><subfield code="a">Methodists</subfield><subfield code="z">New Mexico</subfield><subfield code="v">Newspapers.</subfield></datafield><datafield ind1=" " ind2="7" tag="655"><subfield code="a">Newspapers.</subfield><subfield code="2">fast</subfield><subfield code="0">(OCoLC)fst01423814</subfield></datafield><datafield ind1="2" ind2="7" tag="610"><subfield code="a">United Methodist Church (U.S.)</subfield><subfield code="2">fast</subfield><subfield code="0">(OCoLC)fst00541693</subfield></datafield><datafield ind1=" " ind2="7" tag="650"><subfield code="a">Methodists.</subfield><subfield code="2">fast</subfield><subfield code="0">(OCoLC)fst01018703</subfield></datafield><datafield ind1=" " ind2="7" tag="651"><subfield code="a">New Mexico.</subfield><subfield code="2">fast</subfield><subfield code="0">(OCoLC)fst01204269</subfield></datafield><datafield ind1=" " ind2="7" tag="651"><subfield code="a">United States.</subfield><subfield code="2">fast</subfield><subfield code="0">(OCoLC)fst01204155</subfield></datafield><datafield ind1="2" ind2=" " tag="710"><subfield code="a">United Methodist Church (U.S.)</subfield></datafield><datafield ind1=" " ind2=" " tag="752"><subfield code="a">United States</subfield><subfield code="b">Texas</subfield><subfield code="d">Dallas</subfield><subfield code="c">Dallas.</subfield></datafield></record>